@INPROCEEDINGS{8411067, 
author={H. {Fu} and M. {Gorentla Venkata} and S. {Salman} and N. {Imam} and W. {Yu}}, 
booktitle={2018 18th IEEE/ACM International Symposium on Cluster, Cloud and Grid Computing (CCGRID)}, 
title={SHMEMGraph: Efficient and Balanced Graph Processing Using One-Sided Communication}, 
year={2018}, 
volume={}, 
number={}, 
pages={513-522}, 
keywords={data handling;graph theory;imbalance issues;imbalanced graph computation/communication costs;two-sided communication model;balanced graph processing framework;global memory space;flexibility;efficiency;one-sided communication channel;high-performance operations;computer node;computation imbalance;communication imbalance;representative graph algorithms;synchronous graph processing frameworks;SHMEMGraph;Gemini framework;Delays;Synchronization;Computational modeling;Communication channels;Programming;Data models;Writing;graph processing;synchronous graph processing;distributed graph processing;one sided communication;rdma;graph processing imblance}, 
doi={10.1109/CCGRID.2018.00078}, 
ISSN={}, 
month={May},}

@INPROCEEDINGS{7152595, 
author={S. {Seo} and R. {Latham} and J. {Zhang} and P. {Balaji}}, 
booktitle={2015 15th IEEE/ACM International Symposium on Cluster, Cloud and Grid Computing}, 
title={Implementation and Evaluation of MPI Nonblocking Collective I/O}, 
year={2015}, 
volume={}, 
number={}, 
pages={1084-1091}, 
keywords={application program interfaces;input-output programs;message passing;MPI nonblocking collective IO;relative CPU speeds;storage bandwidth;IO demands;large-scale MPI applications;collective IO API;synchronization cost;communication cost;MPI 3.1 standard;MPICH MPI library;extended two-phase algorithm;ROMIO collective IO implementation;extended generalized request interface;nonblocking collective IO operations;Standards;Benchmark testing;Bandwidth;Synchronization;Libraries;Optimization;Cloud computing;nonblocking collective I/O;MPI I/O;two-phase method;state machine;extended generalized request}, 
doi={10.1109/CCGrid.2015.81}, 
ISSN={}, 
month={May},}

@INPROCEEDINGS{1253341, 
author={ {Byna} and {Gropp} and {Xian-He Sun} and {Thakur}}, 
booktitle={2003 Proceedings IEEE International Conference on Cluster Computing}, 
title={Improving the performance of MPI derived datatypes by optimizing memory-access cost}, 
year={2003}, 
volume={}, 
number={}, 
pages={412-419}, 
keywords={memory architecture;data structures;application program interfaces;message passing;optimisation;performance improvement;MPI derived datatypes;memory-access cost;noncontiguous memory layout;noncontiguous data;packing data;contiguous buffer;packing algorithms;memory optimization;memory architecture;matrix transposition;derived-datatype code;Memory architecture;Data structures;Message passing;Optimization methods}, 
doi={10.1109/CLUSTR.2003.1253341}, 
ISSN={}, 
month={Dec},}

@INPROCEEDINGS{4673583, 
author={T. {He} and J. {Ni} and J. {Deng} and H. {Yu} and G. {Wang}}, 
booktitle={First International Multi-Symposiums on Computer and Computational Sciences (IMSCCS'06)}, 
title={Deployment of One-Sided Communication Technique for Parallel Computing in Katsevich CT Image Reconstruction}, 
year={2006}, 
volume={1}, 
number={}, 
pages={416-423}, 
keywords={computerised tomography;image reconstruction;medical image processing;message passing;peer-to-peer computing;one-sided communication technique;parallel computing;Katsevich CT image reconstruction;MPI-2 standard;InfiniBand;Myrinet;P2P model;Parallel processing;Computed tomography;Image reconstruction;Concurrent computing;Communication standards;X-ray imaging;Biomedical imaging;Cities and towns;Spirals;Read-write memory}, 
doi={10.1109/IMSCCS.2006.54}, 
ISSN={}, 
month={June},}

@INPROCEEDINGS{7823848, 
author={H. {Zhou} and J. {Gracia}}, 
booktitle={2016 IEEE 22nd International Conference on Parallel and Distributed Systems (ICPADS)}, 
title={Asynchronous Progress Design for a MPI-Based PGAS One-Sided Communication System}, 
year={2016}, 
volume={}, 
number={}, 
pages={999-1006}, 
keywords={application program interfaces;message passing;parallel processing;storage management chips;asynchronous progress design;PGAS one sided communication system;remote memory access models;one sided communication models;high performance computing;locality aware remote memory access model;asynchronous progress engine;nonblocking communication operations;asynchronous progression;prototypical library implementation;DART;MPI-3 baseline reference;communication cost;Engines;Resource management;Electronics packaging;Computational modeling;Indexes;High performance computing;Data transfer;DART;MPI;one-sided;asynchronous progress;data-locality;overlap}, 
doi={10.1109/ICPADS.2016.0133}, 
ISSN={1521-9097}, 
month={Dec},}

@INPROCEEDINGS{6267872, 
author={J. {Dinan} and P. {Balaji} and J. R. {Hammond} and S. {Krishnamoorthy} and V. {Tipparaju}}, 
booktitle={2012 IEEE 26th International Parallel and Distributed Processing Symposium}, 
title={Supporting the Global Arrays PGAS Model Using MPI One-Sided Communication}, 
year={2012}, 
volume={}, 
number={}, 
pages={739-750}, 
keywords={chemistry computing;computer architecture;message passing;parallel programming;global array PGAS model;MPI one-sided communication;industry-standard MPI;message passing interface;parallel computing system;global address space parallel programming;MPI-2;NW Chem;MPI-3 standard;high-performance computing architecture;computational chemistry;Arrays;Standards;Semantics;Resource management;Electronics packaging;Runtime;Chemistry;One-sided communication;Global address space;MPI;Global Arrays;ARMCI;NWChem}, 
doi={10.1109/IPDPS.2012.72}, 
ISSN={1530-2075}, 
month={May},}

@misc{p0w_c++_nodate,
	title = {C++ {Remove} punctuation from {String}},
	url = {https://stackoverflow.com/questions/19138983/c-remove-punctuation-from-string},
	urldate = {2019-04-14},
	journal = {Stack Overflow},
	author = {P0W},
	file = {Snapshot:C\:\\Users\\DrDoom.DrDoom-PC\\Zotero\\storage\\9FPVMD54\\c-remove-punctuation-from-string.html:text/html}
}

@misc{sebleier_nltks_nodate,
	title = {{NLTK}'s list of english stopwords},
	url = {https://gist.github.com/sebleier/554280},
	abstract = {GitHub Gist: instantly share code, notes, and snippets.},
	language = {en},
	urldate = {2019-04-14},
	journal = {Gist},
	author = {{sebleier}},
	file = {Snapshot:C\:\\Users\\DrDoom.DrDoom-PC\\Zotero\\storage\\PGRGEDU5\\554280.html:text/html}
}

@misc{blindtextgenerator_||_nodate,
	title = {{\textbar}{\textbar} {Dummy} {Text} {Generator} {\textbar} {Lorem} ipsum for webdesigners {\textbar}{\textbar}},
	url = {https://www.blindtextgenerator.com/lorem-ipsum},
	urldate = {2019-04-14},
	author = {{blindtextgenerator}}
}


@misc{kartik_split_2018,
	title = {Split a sentence into words in {C}++},
	url = {https://www.geeksforgeeks.org/split-a-sentence-into-words-in-cpp/},
	abstract = {Give a sentence, print different words present in it. Words are separated by space. Examples: Input : str = "Geeks for Geeks" Output : Geeks… Read More »},
	language = {en-US},
	urldate = {2019-04-14},
	journal = {GeeksforGeeks},
	author = {{kartik}},
	month = may,
	year = {2018},
	file = {Snapshot:C\:\\Users\\DrDoom.DrDoom-PC\\Zotero\\storage\\WNZNDDTE\\split-a-sentence-into-words-in-cpp.html:text/html}
}


@misc{lw_willingham_top_2015,
	title = {Top 10 {Shakespeare} {Sonnets} {\textbar}},
	url = {https://www.tweetspeakpoetry.com/2015/06/25/top-ten-shakespeare-sonnets/},
	abstract = {Odds are Shakespeare wrote far more than 154 sonnets. But of the 154 that have survived, here are 10 of the best Shakespeare sonnets.},
	language = {en-US},
	urldate = {2019-04-14},
	author = {{LW Willingham} and {William Shakespeare}},
	month = jun,
	year = {2015},
	file = {Snapshot:C\:\\Users\\DrDoom.DrDoom-PC\\Zotero\\storage\\DS8T4C6K\\top-ten-shakespeare-sonnets.html:text/html}
}

@misc{mapreduce,
	title = {phoenix},
	url = {https://github.com/kozyraki/phoenix},
	urldate = {2016-09-23},
	journal = {phoenix},
	month = {September},
	year = {2016},
	author = {Christos Kozyrakis},
}